
@article{Pantale-2023-DIA,
	author = {Pantal√©, Olivier},
	doi = {10.3390/a16010056},
	journal = {Algorithms},
	number = {56},
	publisher = {MDPI},
	title = {Development and Implementation of an ANN Based Flow Law for Numerical Simulations of Thermo-Mechanical Processes at High Temperatures in FEM Software},
	volume = {16},
	year = {2023}
}

